% Encoding: UTF-8

@Book{blakely1995,
  title     = {{Potential Theory in Gravity and Magnetic Applications}},
  publisher = {Cambridge University Press},
  year      = {1995},
  author    = {Richard J. Blakely},
  month     = {jan},
  doi       = {10.1017/cbo9780511549816},
}

@InProceedings{fatiando2013,
  author    = {Leonardo Uieda and Vanderlei C. Oliveira Jr and Val\'eria C. F. Barbosa},
  title     = {{Modeling the Earth with Fatiando a Terra}},
  booktitle = {Proceedings of the 12th Python in Science Conference},
  pages     = {96 - 103},
  year      = {2013},
  editor    = {St\'efan van der Walt and Jarrod Millman and Katy Huff},
  doi       = {10.25080/Majora-8b375195-010}
}

@article{soler2019,
	doi = {10.1093/gji/ggz277},
	url = {https://doi.org/10.1093/gji/ggz277},
	year = 2019,
	month = {jun},
	publisher = {Oxford University Press ({OUP})},
	volume = {218},
	number = {3},
	pages = {2150--2164},
	author = {Santiago R Soler and Agustina Pesce and Mario E Gimenez and Leonardo Uieda},
	title = {Gravitational field calculation in spherical coordinates using variable densities in depth},
	journal = {Geophysical Journal International}
}

@article{soler2021,
	doi = {10.31223/x58g7c},
	url = {https://doi.org/10.31223/x58g7c},
	year = 2021,
	month = {feb},
	publisher = {California Digital Library ({CDL})},
	author = {Santiago Soler and Leonardo Uieda},
	title = {Gradient-boosted equivalent sources}
}

